@book{Prudnikov86,
  title={Integrals and Series Volume 2: Special functions},
  author={Prudnikov, A.P. and Brychkov, I.U.A. and Marichev, O.I.},
  year={1986},
  publisher={Gordon and Breach Science Publishers}
}

@article{Bahrami14,
	author = {Naeim Bahrami and Christine Leon Swisher and von Morze, Cornelius  and Daniel B. Vigneron and Peder E. Z. Larson},
	title = {Kinetic and perfusion modeling of hyperpolarized  $^{13}${C} pyruvate and urea in cancer with arbitrary {RF} flip angles},
	journal = {Quantitative Imaging in Medicine and Surgery},
	volume = {4},
	number = {1},
	year = {2014}
}

@book{Walter97,
  title={Identification of parametric models from experimental data},
  author={Walter, {\'E}. and Pronzato, L.},
  isbn={9783540761198},
  lccn={96049169},
  series={Communications and control engineering},
  year={1997},
  publisher={Springer}
}

@misc{MATLAB,
title= {{MATLAB and Optimization Toolbox Release 2013b}}, 
author={{The MathWorks, Inc.}}, 
howpublished={Natick, Massachusetts, United States}
}

@article {Kazan13,
author = {Kazan, S. M. and Reynolds, S. and Kennerley, A. and Wholey, E. and Bluff, J. E. and Berwick, J. and Cunningham, V. J. and Paley, M. N. and Tozer, G. M.},
title = {Kinetic modeling of hyperpolarized $^{13}${C} pyruvate metabolism in tumors using a measured arterial input function},
journal = {Magnetic Resonance in Medicine},
volume = {70},
number = {4},
issn = {1522-2594},
doi = {10.1002/mrm.24546},
pages = {943--953},
year = {2013},
}

@article {vonMorze11,
author = {von Morze, Cornelius and Larson, Peder E.Z. and Hu, Simon and Keshari, Kayvan and Wilson, David M. and Ardenkj{\ae}r-Larsen, Jan Henrik and Goga, Andrei and Bok, Robert and Kurhanewicz, John and Vigneron, Daniel B.},
title = {Imaging of blood flow using hyperpolarized [$^{13}${C}]Urea in preclinical cancer models},
journal = {Journal of Magnetic Resonance Imaging},
volume = {33},
number = {3},
publisher = {Wiley Subscription Services, Inc., A Wiley Company},
issn = {1522-2586},
doi = {10.1002/jmri.22484},
pages = {692--697},
keywords = {hyperpolarized, carbon-13, urea, blood flow, cancer model, dynamic nuclear polarization (DNP)},
year = {2011},
}

@book{Chen98,
 author = {Chen, Chi-Tsong},
 title = {Linear System Theory and Design},
 year = {1998},
 isbn = {0195117778},
 edition = {3rd},
 publisher = {Oxford University Press, Inc.},
 address = {New York, NY, USA},
} 

@article{Gudbjartsson95,
    author = {Gudbjartsson, H. and Patz, S.},
    issn = {0740-3194},
    journal = {Magnetic Resonance in Medicine},
    keywords = {mri},
    number = {6},
    pages = {910--914},
    title = {{The Rician distribution of noisy MRI data}},
    volume = {34},
    year = {1995}
}


@book{Nocedal06,
  title={Numerical Optimization},
  author={Nocedal, J. and Wright, S.},
  year={2006},
  publisher={Springer}
}


@book{Pukelsheim93,
  title={Optimal design of experiments},
  author={Pukelsheim, F.},
  series={Probability and mathematical statistics},
  year={1993},
  publisher={Wiley}
}

@book{Cramer46, 
  title={Mathematical Methods of Statistics},
  author={Cram\'er, Harald},
  year={1946},
  publisher={Princeton University Press}
 }
 
 @Article{Swisher14,
AUTHOR = {Swisher, Christine Leon and Larson, Peder E Z and Kruttwig, Klaus and Kerr, Adam B and Hu, Simon and Bok, Robert A and Goga, Andrei and Pauly, John M and Nelson, Sarah J and Kurhanewicz, John and Vigneron, Daniel B},
TITLE = {Quantitative measurement of cancer metabolism using stimulated echo hyperpolarized carbon-13 {MRS}},
JOURNAL = {Magnetic Resonance in Medicine},
VOLUME = {71},
YEAR = {2014},
NUMBER = {1},
PAGES = {1--11},
}

@article{Ardenkjaer-Larsen03,
          author = {Ardenkj{\ae}r-Larsen, Jan H. and Fridlund, Bj\"{o}rn and Gram, Andreas and Hansson, Georg and Hansson, Lennart and Lerche, Mathilde H. and Servin, Rolf and Thaning, Mikkel and Golman, Klaes},
    citeulike-article-id = {689747},
    citeulike-linkout-0 = {http://dx.doi.org/10.1073/pnas.1733835100},
    citeulike-linkout-1 = {http://www.pnas.org/content/100/18/10158.abstract},
    citeulike-linkout-2 = {http://www.pnas.org/content/100/18/10158.full.pdf},
    citeulike-linkout-3 = {http://www.pnas.org/cgi/content/abstract/100/18/10158},
    citeulike-linkout-4 = {http://view.ncbi.nlm.nih.gov/pubmed/12930897},
    citeulike-linkout-5 = {http://www.hubmed.org/display.cgi?uids=12930897},
    day = {02},
    doi = {10.1073/pnas.1733835100},
    issn = {1091-6490},
    journal = {Proceedings of the National Academy of Sciences},
    keywords = {13c, hyperpolarised},
    month = sep,
    number = {18},
    pages = {10158--10163},
    publisher = {National Academy of Sciences},
    title = {{Increase in signal-to-noise ratio of $>$ 10,000 times in liquid-state NMR}},
    volume = {100},
    year = {2003}
}


@article{Golman03,
author = {Golman, Klaes and Ardenkj{\ae}r-Larsen, Jan H. and Petersson, J. Stefan and Mansson, Sven and Leunbach, Ib}, 
title = {Molecular imaging with endogenous substances},
volume = {100}, 
number = {18}, 
pages = {10435-10439}, 
year = {2003}, 
journal = {Proceedings of the National Academy of Sciences} 
}



@article{Golman06,
    author = {Golman, Klaes and Petersson, Stefan J.},
    citeulike-article-id = {1183023},
    citeulike-linkout-0 = {http://dx.doi.org/10.1016/j.acra.2006.06.001},
    citeulike-linkout-1 = {http://www.sciencedirect.com/science/article/B75BK-4KD003D-2/2/d08cd92882f5caded3f5b2ae02263a8e},
    doi = {10.1016/j.acra.2006.06.001},
    journal = {Academic Radiology},
    keywords = {13c, hyperpolarised, molecular-imaging, paper1},
    month = aug,
    number = {8},
    pages = {932--942},
    posted-at = {2007-03-24 14:57:37},
    priority = {2},
    title = {Metabolic Imaging and Other Applications of Hyperpolarized $^{13}${C}$^1$},
    volume = {13},
    year = {2006}
}

@article{Day07, 
title={Detecting tumor response to treatment using hyperpolarized $^{13}${C} magnetic resonance imaging and spectroscopy}, 
number={11}, 
journal={Nature Medicine}, 
author={Sam E Day and Mikko I Kettunen and Ferdia A Gallagher and De-En Hu and Mathilde Lerche and Jan Wolber and Klaes Golman and Jan Henrik Ardenkj{\ae}r-Larsen and Kevin M Brindle}, 
year={2007}, 
pages={1382--1387}
}

@article{Brindle88,
title = "{NMR} methods for measuring enzyme kinetics in vivo",
journal = "Progress in Nuclear Magnetic Resonance Spectroscopy",
volume = "20",
number = "3",
pages = "257--293",
year = "1988",
author = "Kevin M. Brindle",
}

@article {Harrison12,
author = {Harrison, Crystal and Yang, Chendong and Jindal, Ashish and DeBerardinis, Ralph J. and Hooshyar, M. A. and Merritt, Matthew and Dean Sherry, A. and Malloy, Craig R.},
title = {Comparison of kinetic models for analysis of pyruvate-to-lactate exchange by hyperpolarized $^{13}${C} {NMR}},
journal = {NMR in Biomedicine},
volume = {25},
number = {11},
publisher = {John Wiley & Sons, Ltd},
pages = {1286--1294},
year = {2012},
}


@article{Nelson13,
author = {Nelson, Sarah J. and Kurhanewicz, John and Vigneron, Daniel B. and Larson, Peder E. Z. and et al.}, 
title = {Metabolic Imaging of Patients with Prostate Cancer Using Hyperpolarized [1-$^{13}${C}]Pyruvate},
volume = {5}, 
number = {198}, 
pages = {198ra108}, 
year = {2013}, 
journal = {Science Translational Medicine} 
}

@book{Haddad06,
  title={Impulsive and Hybrid Dynamical Systems: Stability, Dissipativity, and Control},
  author={Haddad, W.M. and Chellaboina, V.S. and Nersesov, S.G.},
  year={2006},
  publisher={Princeton University Press}
}


@inproceedings{Maidens15, 
author={Maidens, J. and Larson, P. and Arcak, M}, 
title={Optimal experiment design for physiological parameter estimation using hyperpolarized carbon-13 magnetic resonance imaging},
booktitle={Proceedings of the American Control Conference},
year={2015}
}

@article{Xing13,
title = "Optimal variable flip angle schemes for dynamic acquisition of exchanging hyperpolarized substrates ",
journal = "Journal of Magnetic Resonance ",
volume = "234",
pages = "75--81",
year = "2013",
author = "Yan Xing and Galen D. Reed and John M. Pauly and Adam B. Kerr and Peder E.Z. Larson"
}

@article{Zhao96,
title = "Gradient-Echo Imaging Considerations for Hyperpolarized $^{129}${Xe} {MR} ",
journal = "Journal of Magnetic Resonance, Series B ",
volume = "113",
number = "2",
pages = "179 --183",
year = "1996",
author = "Lei Zhao and Robert Mulkern and Ching-Hua Tseng and Daniel Williamson and Samuel Patz and Robert Kraft and Ronald L. Walsworth and Ferenc A. Jolesz and Mitchell S. Albert"
}

@article{Deppe10,
title = "Slice profile effects in {2D} slice-selective {MRI} of hyperpolarized nuclei ",
journal = "Journal of Magnetic Resonance ",
volume = "202",
number = "2",
pages = "180 -- 189",
year = "2010",
author = "Martin H. Deppe and Kevin Teh and Juan Parra-Robles and Kuan J. Lee and Jim M. Wild"
}


  	
@article{McRobbie87,
  author={D W McRobbie and R A Lerski and K Straughan},
  title={Slice profile effects and their calibration and correction in quantitative {NMR} imaging},
  journal={Physics in Medicine and Biology},
  volume={32},
  number={8},
  pages={971 -- 983},
  year={1987}
 }
	
 @MastersThesis{Machingal14,
    author     =     {Sonam I. Machingal},
    title     =     {Sampling Strategies for Hyperpolarized Carbon-13 Imaging},
    school     =     {University of California, San Francisco},
    address     =     {USA},
    year     =     {2014},
   }

@misc{Lygeros08, 
author = {John Lygeros and Claire Tomlin and Shankar Sastry}, 
title = {Hybrid Systems:  Modeling, Analysis and Control}, 
year = {2008}, 
howpublished = {UC Berkeley / ETH Zurich lecture notes},  
url = {https://web.archive.org/web/20100723205138/http://www-inst.cs.berkeley.edu/~ee291e/sp09/handouts/book.pdf}
} 

@book{Goebel12,
  title={Hybrid Dynamical Systems: Modeling, Stability, and Robustness},
  author={Goebel, R. and Sanfelice, R.G. and Teel, A. R.},
  year={2012},
  publisher={Princeton University Press}
}

@inproceedings{Gordon15, 
author={Jeremy W Gordon and Sonam Machingal and John Kurhanewicz and Daniel Vigneron and Peder Larson}, 
title={Ramp-Sampled, Symmetric {EPI} for Rapid Dynamic Metabolic Imaging of Hyperpolarized $^{13}${C} Substrates on a Clinical {MRI} Scanner},
booktitle={Proceedings of the 23rd Annual Meeting of ISMRM, Toronto, Ontario, Abstract 4717},
year={2015}
}

@article {Schulte13,
author = {Schulte, Rolf F. and Sperl, Jonathan I. and Weidl, Eliane and Menzel, Marion I. and Janich, Martin A. and Khegai, Oleksandr and Durst, Markus and Ardenkjaer-Larsen, Jan Henrik and Glaser, Steffen J. and Haase, Axel and Schwaiger, Markus and Wiesinger, Florian},
title = {Saturation-recovery metabolic-exchange rate imaging with hyperpolarized [1-$^{13}${C}] pyruvate using spectral-spatial excitation},
journal = {Magnetic Resonance in Medicine},
volume = {69},
number = {5},
pages = {1209--1216},
year = {2013}
}

@article{Albers08,
author = {Albers, Mark J. and Bok, Robert and Chen, Albert P. and Cunningham, Charles H. and Zierhut, Matt L. and Zhang, Vickie Yi and Kohler, Susan J. and Tropp, James and Hurd, Ralph E. and Yen, Yi-Fen and Nelson, Sarah J. and Vigneron, Daniel B. and Kurhanewicz, John}, 
title = {Hyperpolarized $^{13}${C} Lactate, Pyruvate, and Alanine: Noninvasive Biomarkers for Prostate Cancer Detection and Grading},
volume = {68}, 
number = {20}, 
pages = {8607--8615}, 
year = {2008}, 
journal = {Cancer Research} 
}

@article{Schroeder08,
author = {Schroeder, Marie A. and Cochlin, Lowri E. and Heather, Lisa C. and Clarke, Kieran and Radda, George K. and Tyler, Damian J.}, 
title = {In vivo assessment of pyruvate dehydrogenase flux in the heart using hyperpolarized carbon-13 magnetic resonance},
volume = {105}, 
number = {33}, 
pages = {12051--12056}, 
year = {2008}, 
journal = {Proceedings of the National Academy of Sciences} 
}

@Article{Duarte13,
author="Duarte, Belmiro P. M.
and Wong, Weng Kee",
title="A semi-infinite programming based algorithm for finding minimax optimal designs for nonlinear models",
journal="Statistics and Computing",
year="2013",
volume="24",
number="6",
pages="1063--1080"
}

@article{Noubiap00,
title = "A minimax algorithm for constructing optimal symmetrical balanced designs for a logistic regression model ",
journal = "Journal of Statistical Planning and Inference ",
volume = "91",
number = "1",
pages = "151 -- 168",
year = "2000",
author = "Roger Fandom Noubiap and Wilfried Seidel",
}

@ARTICLE{Chaloner95,
    author = {Kathryn Chaloner and Isabella Verdinelli},
    title = {Bayesian Experimental Design: A Review},
    journal = {Statistical Science},
    year = {1995},
    volume = {10},
    pages = {273--304}
}

@ARTICLE{Maidens16,
   author = {J. Maidens and J. W. Gordon and M. Arcak and P. E. Z. Larson},
    title = "{Optimizing flip angles for metabolic rate estimation in hyperpolarized carbon-13 {MRI}}",
  journal = {IEEE Transactions on Medical Imaging},
     year = 2016,
     note={Submitted}, 
     url={http://www.eecs.berkeley.edu/~maidens/papers/2016TMI.pdf} 
}




